<?xml version="1.0" encoding="UTF-8"?><collection xmlns="http://www.loc.gov/MARC21/slim"><record><leader>00358nam--2200133-i-4500</leader><controlfield tag="001">000012927</controlfield><controlfield tag="002">20161230</controlfield><controlfield tag="005">20161230201030</controlfield><controlfield tag="008">060222s1000------------r-----000-0-eng-d</controlfield><datafield ind1=" " ind2=" " tag="080"><subfield code="a">621.375.826</subfield></datafield><datafield ind1=" " ind2=" " tag="100"><subfield code="a">Arams, Frank R</subfield></datafield><datafield ind1=" " ind2=" " tag="245"><subfield code="a">Infrared - to - millimeter wavelength detec- tors</subfield></datafield><datafield ind1=" " ind2=" " tag="260"><subfield code="a">Dedham, Artech House, Inc., 1973 Xxiv + 360 P</subfield></datafield><datafield ind1=" " ind2=" " tag="852"><subfield code="a">46724</subfield></datafield></record></collection>